<collection xmlns="http://www.loc.gov/MARC21/slim">
<record>
  <leader>02355nam0a2200445 i 450 </leader>
  <controlfield tag="001">IT\ICCU\CNCE\000479</controlfield>
  <controlfield tag="005">20101125000000.0</controlfield>
  <datafield tag="012" ind1=" " ind2=" ">
    <subfield code="a">rir- caui o-um ququ (C) 1570 (R)</subfield>
    <subfield code="2">fei</subfield>
  </datafield>
  <datafield tag="100" ind1=" " ind2=" ">
    <subfield code="a">19970101d1570        0itac0103    ba</subfield>
  </datafield>
  <datafield tag="101" ind1=" " ind2=" ">
    <subfield code="a">LAT</subfield>
  </datafield>
  <datafield tag="102" ind1=" " ind2=" ">
    <subfield code="a">IT</subfield>
  </datafield>
  <datafield tag="200" ind1="1" ind2=" ">
    <subfield code="a">Bulla sanctissimi d.n. Pii V pont. max. pro. reformatione Ord. fratrum erem. sancti Augustini</subfield>
  </datafield>
  <datafield tag="210" ind1=" " ind2=" ">
    <subfield code="a">Perusiae</subfield>
    <subfield code="c">excudebat Valens Panitius Mantuanus</subfield>
    <subfield code="d">impressor Decemuirorum &amp; excellentiss. Collegij</subfield>
    <subfield code="d">1570</subfield>
  </datafield>
  <datafield tag="215" ind1=" " ind2=" ">
    <subfield code="a">\16! c.</subfield>
    <subfield code="d">4ʻ</subfield>
  </datafield>
  <datafield tag="620" ind1=" " ind2=" ">
    <subfield code="a">IT</subfield>
    <subfield code="d">Perugia</subfield>
  </datafield>
  <datafield tag="710" ind1="0" ind2="2">
    <subfield code="a">Agostiniani</subfield>
    <subfield code="3">IT\ICCU\CNCT\000487</subfield>
  </datafield>
  <datafield tag="702" ind1=" " ind2="0">
    <subfield code="a">Pius</subfield>
    <subfield code="c"> &lt;papa</subfield>
    <subfield code="c"> ; 5.&gt;</subfield>
    <subfield code="3">IT\ICCU\CNCA\000062</subfield>
  </datafield>
  <datafield tag="712" ind1="0" ind2="0">
    <subfield code="a">Panizza, Valente</subfield>
    <subfield code="3">IT\ICCU\CNCT\000282</subfield>
    <subfield code="4">650</subfield>
  </datafield>
  <datafield tag="791" ind1="0" ind2="2">
    <subfield code="a">Ordo fratrum eremitarum sancti Augustini</subfield>
    <subfield code="3">15384</subfield>
    <subfield code="z">Agostiniani</subfield>
  </datafield>
  <datafield tag="791" ind1="0" ind2="2">
    <subfield code="a">Congregazione del beato Francesco di Zompano dell&apos;Ordine eremitano di S. Agostino in Calabria</subfield>
    <subfield code="3">15498</subfield>
    <subfield code="z">Agostiniani</subfield>
  </datafield>
  <datafield tag="791" ind1="0" ind2="2">
    <subfield code="a">Congregatio divi Ioannis ad Carbonetum</subfield>
    <subfield code="3">15555</subfield>
    <subfield code="z">Agostiniani</subfield>
  </datafield>
  <datafield tag="791" ind1="0" ind2="2">
    <subfield code="a">Congregatio Heremitarum Regni Siciliae</subfield>
    <subfield code="3">15557</subfield>
    <subfield code="z">Agostiniani</subfield>
  </datafield>
  <datafield tag="791" ind1="0" ind2="2">
    <subfield code="a">Congregatio observantiae Lombardiae Ordinis Fratrum Eremitarum S. Augustini</subfield>
    <subfield code="3">15561</subfield>
    <subfield code="z">Agostiniani</subfield>
  </datafield>
  <datafield tag="791" ind1="0" ind2="2">
    <subfield code="a">Congregatio S. Mariae de Consolatione</subfield>
    <subfield code="3">15562</subfield>
    <subfield code="z">Agostiniani</subfield>
  </datafield>
  <datafield tag="791" ind1="0" ind2="2">
    <subfield code="a">Congregazione di S. Giovanni a Carbonara</subfield>
    <subfield code="3">28561</subfield>
    <subfield code="z">Agostiniani</subfield>
  </datafield>
  <datafield tag="790" ind1=" " ind2="1">
    <subfield code="a">Ghislieri,</subfield>
    <subfield code="b">Antonio</subfield>
    <subfield code="3">IT\ICCU\CNCA\014134</subfield>
    <subfield code="z">Pius &lt;papa ; 5.&gt;</subfield>
  </datafield>
  <datafield tag="790" ind1=" " ind2="1">
    <subfield code="a">Ghislieri,</subfield>
    <subfield code="b">Michele</subfield>
    <subfield code="3">IT\ICCU\CNCA\018608</subfield>
    <subfield code="z">Pius &lt;papa ; 5.&gt;</subfield>
  </datafield>
  <datafield tag="790" ind1=" " ind2="1">
    <subfield code="a">Ghisleri,</subfield>
    <subfield code="b">Antonio</subfield>
    <subfield code="3">IT\ICCU\CNCA\018609</subfield>
    <subfield code="z">Pius &lt;papa ; 5.&gt;</subfield>
  </datafield>
  <datafield tag="791" ind1="0" ind2="0">
    <subfield code="a">Panicius, Valens</subfield>
    <subfield code="3">IT\ICCU\CNCT\002462</subfield>
    <subfield code="z">Panizza, Valente</subfield>
  </datafield>
  <datafield tag="791" ind1="0" ind2="0">
    <subfield code="a">Panitia, Valens</subfield>
    <subfield code="3">IT\ICCU\CNCT\004020</subfield>
    <subfield code="z">Panizza, Valente</subfield>
  </datafield>
  <datafield tag="791" ind1="0" ind2="0">
    <subfield code="a">Panizzi, Valente</subfield>
    <subfield code="3">IT\ICCU\CNCT\005266</subfield>
    <subfield code="z">Panizza, Valente</subfield>
  </datafield>
  <datafield tag="791" ind1="0" ind2="0">
    <subfield code="a">Pannitius, Valens</subfield>
    <subfield code="3">IT\ICCU\CNCT\005267</subfield>
    <subfield code="z">Panizza, Valente</subfield>
  </datafield>
  <datafield tag="791" ind1="0" ind2="0">
    <subfield code="a">Panitius, Valens</subfield>
    <subfield code="3">IT\ICCU\CNCT\005269</subfield>
    <subfield code="z">Panizza, Valente</subfield>
  </datafield>
  <datafield tag="801" ind1=" " ind2="3">
    <subfield code="a">IT</subfield>
    <subfield code="b">ICCU</subfield>
    <subfield code="c">20201113</subfield>
  </datafield>
  <datafield tag="899" ind1=" " ind2=" ">
    <subfield code="a">Biblioteca Apostolica Vaticana. Citt ̉del Vaticano</subfield>
    <subfield code="1">EX0001</subfield>
    <subfield code="2">ZCV 01</subfield>
  </datafield>
  <datafield tag="899" ind1=" " ind2=" ">
    <subfield code="a">Biblioteca del Seminario arcivescovile maggiore. Firenze</subfield>
    <subfield code="1">FI0056</subfield>
    <subfield code="2">RT1 QM</subfield>
  </datafield>
  <datafield tag="899" ind1=" " ind2=" ">
    <subfield code="a">Biblioteca comunale. Montefalco</subfield>
    <subfield code="1">PG0058</subfield>
    <subfield code="2">UM1 17</subfield>
  </datafield>
  <datafield tag="899" ind1=" " ind2=" ">
    <subfield code="a">Biblioteca comunale Augusta. Perugia</subfield>
    <subfield code="1">PG0109</subfield>
    <subfield code="2">UM1 01</subfield>
  </datafield>
  <datafield tag="899" ind1=" " ind2=" ">
    <subfield code="a">Biblioteca Angelica. Roma</subfield>
    <subfield code="1">RM0290</subfield>
    <subfield code="2">RML 06</subfield>
  </datafield>
  <datafield tag="899" ind1=" " ind2=" ">
    <subfield code="a">Biblioteca nazionale Marciana. Venezia</subfield>
    <subfield code="1">VE0049</subfield>
    <subfield code="2">VEA BM</subfield>
  </datafield>
</record>
</collection>
